
@INPROCEEDINGS{ChughAndKaur2015, 
author={S. Chugh and J. Kaur}, 
booktitle={2015 Annual IEEE India Conference (INDICON)}, 
title={Low cost calibration free Pulse oximeter}, 
year={2015}, 
volume={}, 
number={}, 
pages={1-5}, 
keywords={blood;calibration;infrared spectra;mathematics computing;medical signal processing;microcontrollers;oxygen;plethysmography;Arduino microcontroller;Beer Lambert law;MATLAB;O;blood oxygen levels;circuit design;complex analog circuitry;digital computation power;infrared wavelength;low cost calibration free pulse oximeter;oxygen saturation levels;photoplethysmographic signals;pulse rate;red wavelength;serial communication;signal processing;Band-pass filters;Blood;Calibration;Extinction coefficients;Finite impulse response filters;IIR filters;Beer Lambert Law;Calibration free;Digital Filtering;Pulse Rate;Pulse oximetry}, 
doi={10.1109/INDICON.2015.7443576}, 
ISSN={}, 
month={Dec},}

@misc{howPulseOx,
  title = {How pulse oximeters work explained simply},
  howpublished = {\url{https://www.howequipmentworks.com/pulse_oximeter/}},
  note = {Accessed: 2018-04-05}
}

@misc{ wiki:Beer-Lambert,
    author = "Wikipedia contributors",
    title = "Beerâ€“Lambert law --- Wikipedia{,} The Free Encyclopedia",
    year = "2017",
    url = "https://en.wikipedia.org/w/index.php?title=Beer%E2%80%93Lambert_law&oldid=808108665",
    note = "[Online; accessed 5-April-2018]"
  }p

@misc{ wiki:MolarAttenuation,
    author = "Wikipedia contributors",
    title = "Molar attenuation coefficient --- Wikipedia{,} The Free Encyclopedia",
    year = "2018",
    url = "https://en.wikipedia.org/w/index.php?title=Molar_attenuation_coefficient&oldid=823889147",
    note = "[Online; accessed 5-April-2018]"
  }

@misc{ wiki:SpO2,
    author = "Wikipedia contributors",
    title = "Pulse oximetry --- Wikipedia{,} The Free Encyclopedia",
    year = "2018",
    url = "https://en.wikipedia.org/w/index.php?title=Pulse_oximetry&oldid=834123004",
    note = "[Online; accessed 5-April-2018]"
  }

@misc{ wiki:oxygensaturation,
    author = "Wikipedia contributors",
    title = "Oxygen saturation (medicine) --- Wikipedia{,} The Free Encyclopedia",
    year = "2018",
    url = "https://en.wikipedia.org/w/index.php?title=Oxygen_saturation_(medicine)&oldid=833017493",
    note = "[Online; accessed 5-April-2018]"
  }